%PC1
@misc{abesco1,
  author = {ABESCO},
  title = {O que é Eficiência Energética? (EE)},
  year = 2015,
  howpublished = {Disponível em:\url{http://www.abesco.com.br/pt/o-que-e-eficiencia-energetica-ee/}},
  note = {Acessado em: 12/09/2017},
}
@misc{aneel1,
  author = {ANEEL},
  title = {Programa de Eficiência Energética},
  year = 2015,
  howpublished = {Disponível em:\url{http://www.aneel.gov.br/programa-eficiencia-energetica}},
  note = {Acessado em: 12/09/2017},
}
@manual{santos1,
	title		= {Análise da eficiência energética, ambiental e econômica entre lâmpadas de LED e convencionais},
	author		= {Talía S. Santos , Marília C. Batista, Simone A. Pozza , Luciana S. Rossi},
	organization	= {Unicamp},
	adress = {Rio de Janeiro, Brasil},
	year = {2015},
}

@misc{ultrasom1,
  author = {Philips},
  title = {CX50 xMATRIX
Ultrassom Portátil},
  howpublished = {Disponível em: \url{https://www.philips.com.br/healthcare/product/HC795076/sistema-de-ultrassom-compactxtreme-cx50.html}},
  note = {Acessado em: 10/09/2017},
}

@misc{ultrasom2,
  author = {Richard S. Dargan},
  title = {Telerobotic Ultrasound May Revolutionize Telemedicine},
  year = {2015},
  howpublished = {http://www.rsna.org/News.aspx?id=17929/}},
  note = {Acessado em: 13/09/2017},
}
@article{mathiassen-frontiers2016,
   author = {Kim Mathiassen and J{\o}rgen Enger Fjellin and Kyrre Glette
	and Per Kristian Hol and Ole Jakob Elle},
   title = {An Ultrasound Robotic System Using the Commercial Robot {UR5}},
   journal = {Frontiers in Robotics and AI},
   volume = {3},
   number = {1},
   year = {2016},
   issn = {2296-9144},
}
@article{pierrot1999hippocrate,
  title={Hippocrate: A safe robot arm for medical applications with force feedback},
  author={Pierrot, Fran{\c{c}}ois and Dombre, Etienne and D{\'e}goulange, Eric and Urbain, Lo{\"\i}c and Caron, Pierre and Boudet, Sylvie and Gari{\'e}py, J{\'e}rome and M{\'e}gnien, Jean-Louis},
  journal={Medical image analysis},
  volume={3},
  number={3},
  pages={285--300},
  year={1999},
  publisher={Elsevier},
}
@misc{djangoframe, 
title={Django REST Framework}, 
url={http://www.django-rest-framework.org/}, 
journal={ Django REST framework}, author={Christie, Tom}
}
@article{moreto2007controle,
  title={CONTROLE DE SERVOMOTOR},
  author={Moreto, Marcelo},
  year={2007},
}
@manual{fanuc,
Author = {FANUC},
Title = {Servo Motor},
Year = {1998},
}
@Book{maquinasele,
author = {FITZGERALD, A. E.; KINGSLEY JR., Charles;KUSKO, Alexander},
title = {Maquinas elétricas},
publisher = {McGraw-Hill},
year = {1975-1978},
address = {São Paulo},
}
@manual{inmetro2003,
Author = {INMETRO},
Title = {Vocabulário internacional de termos fundamentais e gerais de
metrologia},
Year = {2013},
Address = {Rio de Janeiro, Brasil},
Pages = {75},
isbn = {85-87090-90-9},
}
@inproceedings{soviero1997,
Author = {P. A. O. Soviero and L. G. M. Lavagna},
Title = {A Numerical Model for Thin Airfoils in Unsteady Motion},
Year = {1997},
Pages = {332-340},
Volume = {19},
Number = {3},
Booktitle = {Journal of the Brazilian Societyt Mechanical Sciences},
}
@inproceedings{sparrow1980,
Author = {E. M. Sparrow},
Title = {Forced Convection Heat Transfer in a Duct Having Spanwise-Periodic
Rectangular Protuberances},
Year = {1980},
Pages = {149-167},
Volume = {3},
Booktitle = {Numerical Heat Transfer},
}
@article{clark1986,
Author = {J. A. Clark},
Title = {Private Communication},
Year = {1986},
Address = {University of Michigan},
}
@article{arruda2007,
Author = {M. B. B. Arruda},
Title = {Como fazer referências: bibliográficas, eletrônicas e demais
formas de documentos},
Year = {2007},
Url = {http://bu.ufsc.br/framerefer.html},
}
@article{coimbra1978,
Author = {A. L. Coimbra},
Title = {Lessons of Continuum Mechanics},
Year = {1978},
Address = {São Paulo, Brazil},
Pages = {428},
Editor = {Edgard Blücher},
}
@inproceedings{bordalo1989,
Author = {S. N. Bordalo and J. H. Ferziger and S. J. Kline},
Title = {The Development of Zonal Models for Turbulence},
Year = {1989},
Pages = {41-44},
Booktitle = {Proceedings of the 10th Brazilian Congress of Mechanical
Engineering},
Volume = {1},
}
@manual{NBR14724:2011,
Address = {Rio de Janeiro},
Date-Added = {2012-12-15 20:34:08 +0000},
Date-Modified = {2012-12-15 20:35:25 +0000},
Month = mar,
Org-Short = {ABNT},
Organization = {Associa{\c c}\~ao Brasileira de Normas T\'ecnicas},
Pages = 15,
Subtitle = {Informa{\c c}\~ao e documenta{\c c}\~ao --- trabalhos acad\^emicos --- apresenta{\c c}\~ao},
Title = {{NBR} 14724},
Year = 2011
}
@manual{NBR6034:2000,
Address = {Rio de Janeiro},
Org-Short = {ABNT},
Organization = {Associa{\c c}\~ao Brasileira de Normas T\'ecnicas},
Subtitle = {Informa{\c c}\~ao e documenta{\c c}\~ao --- Referências},
Title = {{NBR} 14724},
Year = 2000
}

%PC2
%Eletrônica
%Ultrasoms

@misc{philipscx50,
  author = {PHILIPS},
  title = {Ultrassom Philips CX50},
  year = {2015},
  howpublished = {Disponível em:\url{http://www.aparelhos-ultra-som.com/ultrassom-philips-cx50.html}},
  note = {Acessado em: 15/10/2017},
}

@misc{samsungsonou6,
  author = {SAMSUNG},
  title = {Ultrassom Samsung MySono U6},
  year = {2015},
  howpublished = {Disponível em:\url{http://www.samsung.com/global/business/healthcare/healthcare/ultrasound/USS-MYU6N10/WR}},
  note = {Acessado em: 15/10/2017},
}

@misc{samsunghm70a,
  author = {SAMSUNG},
  title = {Ultrassom Samsung HM70A},
  year = {2014},
  howpublished = {Disponível em:\url{http://www.samsung.com/br/business/business-products/healthcare-product/ultrasound/USS-HM7AF1B/BR}},
  note = {Acessado em: 15/10/2017},
}


@misc{gevenue40,
  author = {GE Healthcare},
  title = {Ultrassom GE Venue 40},
  year = {2016},
  howpublished = {Disponível em:\url{http://www.aparelhos-ultra-som.com/ultrassom-ge-venue-40.html}},
  note = {Acessado em: 17/10/2017},
}

@misc{sonoscapea6,
  author = {SONOSCAPE},
  title = {Ultrassom SonoScape A6},
  year = {2015},
  howpublished = {Disponível em: \url{http://www.kpiultrasound.com/medical-equipment/ultrasound-scanners/other-ultrasound-systems/sonoscape-a6-portable/}},
  note = {Acessado em: 17/10/2017},
}

%Notebooks
%Aspire E
@misc{notebook1,
  author = {ACER},
  title = {Notebook ACER A515-51G-58VH},
  year = {2017},
  howpublished = {Disponível em:\url{https://www.acer.com/ac/pt/BR/content/series/aspire-e}},
  note = {Acessado em: 25/10/2017},
}

%Aspire 5
@misc{notebook2,
  author = {ACER},
  title = {Notebook ACER ES1-572-33SJ},
  year = {2017},
  howpublished = {Disponível em:\url{https://www.acer.com/ac/pt/BR/content/series/aspirees}},
  note = {Acessado em: 25/10/2017},
}

@misc{notebook3,
  author = {LENOVO},
  title = {Notebook Lenovo Ideapad 80YH0006BR},
  year = {2017},
  howpublished = {Disponível em:\url{https://www3.lenovo.com/br/pt/laptops/ideapad/serie-300/Lenovo-IdeaPad-320-15IKB/p/88IP3000842}},
  note = {Acessado em: 25/10/2017},
}


@misc{notebook4,
  author = {ASUS},
  title = {Notebook Asus Vivobook Flip TP301UA},
  year = {2017},
  howpublished = {Disponível em:\url{https://www.asus.com/br/2-in-1-PCs/ASUS-VivoBook-Flip-TP301UA/}},
  note = {Acessado em: 25/10/2017},
}

@misc{notebook5,
  author = {HP},
  title = {Notebook HP Compaq Presario CQ-21-14},
  year = {2017},
  howpublished = {Disponível em: \url{https://www.walmart.com.br/notebook-hp-compaq-presario-cq-21-14-intel-core-i3-4gb-hd-500gb/informatica/notebooks/5663695/pr}},
  note = {Acessado em: 25/10/2017},
}

%Motores
%Explicação motor de passo e servomotor
@book{voss2008comprehensible,
title={A Comprehensible Guide to Controller Area Network},
author={Voss, W.},
isbn={9780976511601},
url={https://books.google.com.br/books?id=PU6ppO3XbUwC},
year={2008},
publisher={Copperhill Technologies Corporation},
}

@misc{passovsservo,
  author = {LIFEWIRE},
  title = {Stepper Motors vs. Servo Motors - Selecting a Motor},
  month = {Julho},
  year = {2017},
  howpublished = {Disponível em: \url{https://www.lifewire.com/stepper-motor-vs-servo-motors-selecting-a-motor-818841}},
  note = {Acessado em: 10/10/2017},
}

@Manual{passomotormanual,
title = {Datasheet de produto - Motores de passo},
url = {http://www.neomotion.com.br/driver-motor-de-passo/akdmpd8-220-8-2a/},
organization = {neomotion},
address = {Joinville},
year = {2017},
}

@Manual{drivermanual,
title = {Datasheet de produto - AKDMP8220-8.2A},
url = {http://www.neomotion.com.br/driver-motor-de-passo/akdmpd8-220-8-2a/},
organization = {neomotion},
address = {Joinville},
year = {2017},
}

@Book{alanoppenheim,
author = {Alan V Oppenheim, Alan S. Willsky},
title = {Sinais e Sistemas},
publisher = {Pearson Education do Brasil},
year = {2010},
edition = {2},
}

%Controle
@MastersThesis{bergmuller2015desenvolvimento,
author = {Bergm{\"u}ller, Eduardo Lu{\'\i}s},
title = {Desenvolvimento de uma plataforma com dois graus de liberdade para compensa{\c{c}}{\~a}o de inclina{\c{c}}{\~o}es atrav{\'e}s de um sistema de controle inercial},
school = {Universidade Federal do Rio Grande do Sul},
year = {2015},
address = {Porto Alegre},
note = {[Acesso em 19/10/2017]},
howpublished={Disponível em: \url{http://www.lume.ufrgs.br/handle/10183/127746}},
}

%Arduinos

%https://store.arduino.cc/usa/arduino-due
@misc{arduinodue,
  author = {ARDUINO},
  title = {Arduino DUE},
  year = {2017},
  howpublished = {Disponível em: \url{https://store.arduino.cc/usa/arduino-due}},
  note = {Acessado em: 23/10/2017},
}

@misc{arduinonano,
  author = {ARDUINO},
  title = {Arduino NANO},
  year = {2017},
  howpublished = {Disponível em: \url{https://store.arduino.cc/usa/arduino-nano}},
  note = {Acessado em: 23/10/2017},
}


%Software
@misc{IEEElang,
  author = {Nick Diakopoulos, Stephen Cass},
  title = {Interactive: The Top Programming Languages 2017},
  month = {Julho},
  year = {2017},
  howpublished = {Disponível em: \url{https://spectrum.ieee.org/static/interactive-the-top-programming-languages-2017}},
  note = {Acessado em: 10/10/2017},
}

%Energia
@Book{sadikualexander2013,
author = {Charles K. Alexander, Matthew N. O. Sadiku},
title = {Fundamentos de circuitos elétricos},
publisher = {AMGH},
year = {2013},
address = {Porto Alegre},
edition = {5},
}

@misc{mlbateriamoura,
  author = {Moura},
  title = {Bateria Moura nobreack vrla 12MVA-7},
  year = {2016},
  howpublished = {Disponível em: \url{https://moura-portal.s3.amazonaws.com/uploads/2017/02/CatalogoMouraNobreak_Jan2017.pdf}},
  note = {Acessado em: 25/10/2017},
}

@misc{portalso1,
  author = {Portal Solar},
  title = {TIPOS DE PAINEL SOLAR FOTOVOLTAICO},
  year = {2013},
  howpublished = {Disponível em: \url{http://www.portalsolar.com.br/tipos-de-painel-solar-fotovoltaico.html}},
  note = {Acessado em: 25/10/2017},
}

%Automotiva/Aeroespacial
@misc{ultrasomexame,
  author = {ABCDMED},
  title = {Ultrassonografia: como é este exame?},
  year = {2012},
  howpublished = {Disponível em: \url{http://www.abc.med.br/p/exames-e-procedimentos/327345/ultrassonografia-como-e-este-exame.html}},
  note = {Acessado em: 21/10/2017},
}

@TechReport{valdemircarrara2011,
author = {Valdemir Carrara},
title = {Apostila de robótica},
institution = {Universidade Braz Cubaz},
year = {2011},
key = {área de Ciências Exatas},
address = {Mogi das Cruzes},
}

@manual{alvintilley2007,
Author = {Alvin R. Tilley},
Title = {As medidas do homem e da mulher: fatores humanos em design},
Year = {2007},
Address = {Porto Alegre, Brasil},
Pages = {104},
isbn = {97-88536-3055-23},
}

@MastersThesis{bracomec,
author = {Luis F. de Oliveira Mello Nunes},
title = {Projeto e fabricação de um braço mecânico para ultrassom médico},
school = {UFRJ/ESCOLA POLITÉCNICA},
year = {2015},
type = {Projeto de graduação},
address = {Rio de Janeiro, Brasil},
}

@misc{impressaofacil,
  author = {IMPRESSAO3DFACIL},
  title = {Conheça os diferentes tipos de materiais para impressão 3D FDM},
  mouth = {Dezembro},
  year = {2015},
  howpublished = {Disponível em: \url{http://www.impressao3dfacil.com.br/conheca-os-diferentes-tipos-de-materiais-para-impressao-3d-fdm/}},
  note = {Acessado em: 16/09/2017},
}

@manual{william2013,
Author = {William D. Callister, David G. Rethwisch},
Title = {Ciência e engenharia de materiais: uma introdução},
Year = {2013},
edition = {8},
Address = {Rio de Janeiro, Brasil},
Pages = {817},
isbn = {97-88521-6212-49},
}

@misc{materialt6,
  author = {GGD Metais},
  title = {6061 T6},
  year = {2017},
  howpublished = {Disponível em: \url{http://www.ggdmetals.com.br/produto/aluminio-6061-t6/}},
  note = {Acessado em: 26/10/2017},
}